@online{Titanic,
  author   = {Lendon, B.},
  title    = {El desastre del Titanic condujo a un replanteamiento de las regulaciones internacionales.},
  url      = {https://cnnespanol.cnn.com/2023/06/23/desastre-titanic-replanteamiento-regulaciones-internacionales-titan-legado-trax},
  addendum = {(accessed: 07.08.2024)}
} 

@online{QlikClas,
  author   = {Qlik Help},
  title    = {Puntuación de modelos de clasificación binaria},
  url      = {https://help.qlik.com/es-ES/cloud-services/Subsystems/Hub/Content/Sense_Hub/AutoML/scoring-binary-classification.htm},
  addendum = {(accessed: 29.08.2024)}
} 

@online{LogySVM,
  author   = {Data Camp},
  title    = {Clasificación en machine learning: Introducción},
  url      = {https://www.datacamp.com/es/blog/classification-machine-learning},
  addendum = {(accessed: 29.08.2024)}
}

@online{Demás,
  author   = {Gozhulovskyi, A.},
  title    = {Choosing a Model for Binary Classification Problem},
  url      = {https://medium.com/@andrii.gozhulovskyi/choosing-a-model-for-binary-classification-problem-f211f7a4e263},
  addendum = {(accessed: 29.08.2024)}
}

@online{Metricas,
  author   = {Chauhan, N.},
  title    = {Métricas De Evaluación De Modelos En El Aprendizaje Automático},
  url      = {https://www.datasource.ai/es/data-science-articles/metricas-de-evaluacion-de-modelos-en-el-aprendizaje-automatico},
  addendum = {(accessed: 30.08.2024)}
}

@online{ROC,
  author   = {Evidently AI},
  title    = {How to explain the ROC curve and ROC AUC score?},
  url      = {https://www.evidentlyai.com/classification-metrics/explain-roc-curve#:~:text=A%20score%20of%200.5%20indicates,accuracy%2C%20precision%2C%20or%20recall.},
  addendum = {(accessed: 30.08.2024)}
}

@online{LogRegAWS,
  author   = {Amazon Web Services},
  title    = {¿Qué es la regresión logística?},
  url      = {https://aws.amazon.com/es/what-is/logistic-regression/},
  addendum = {(accessed: 30.08.2024)}
}

@online{LogRDocu,
  author   = {Scikit-Learn},
  title    = {LogisticRegression},
  url      = {https://scikit-learn.org/stable/modules/generated/sklearn.linear_model.LogisticRegression.html},
  addendum = {(accessed: 30.08.2024)}
}

@online{SVM,
  author   = {IBM},
  title    = {What are support vector machines (SVMs)?},
  url      = {https://www.ibm.com/topics/support-vector-machine},
  addendum = {(accessed: 30.08.2024)}
}

@online{SVMDocu,
  author   = {Scikit-Learn},
  title    = {SVC},
  url      = {https://scikit-learn.org/stable/modules/generated/sklearn.svm.SVC.html},
  addendum = {(accessed: 31.08.2024)}
}

@online{SVMPar,
  author   = {Mohtadi, B.},
  title    = {In Depth: Parameter tuning for SVC},
  url      = {https://medium.com/all-things-ai/in-depth-parameter-tuning-for-svc-758215394769},
  addendum = {(accessed: 30.08.2024)}
}

@online{NN,
  author   = {Scikit-Learn},
  title    = {Neural network models (supervised)},
  url      = {https://scikit-learn.org/stable/modules/neural_networks_supervised.html},
  addendum = {(accessed: 30.08.2024)}
}

@online{NNDocu,
  author   = {Scikit-Learn},
  title    = {MLPClassifier},
  url      = {https://scikit-learn.org/stable/modules/generated/sklearn.neural_network.MLPClassifier.html},
  addendum = {(accessed: 31.08.2024)}
}

@online{RandFor,
  author   = {IBM},
  title    = {What is random forest?},
  url      = {https://www.ibm.com/topics/random-forest#:~:text=Random%20forest%20is%20a%20commonly,Decision%20trees},
  addendum = {(accessed: 31.08.2024)}
}

@online{RandForDocu,
  author   = {Scikit-Learn},
  title    = {RandomForestClassifier},
  url      = {https://scikit-learn.org/stable/modules/generated/sklearn.ensemble.RandomForestClassifier.html},
  addendum = {(accessed: 31.08.2024)}
}

@online{XGBoost,
  author   = {Nvidia},
  title    = {What is XGBoost?},
  url      = {https://www.nvidia.com/en-us/glossary/xgboost/#:~:text=What%20is%20XGBoost%3F,%2C%20classification%2C%20and%20ranking%20problems.},
  addendum = {(accessed: 31.08.2024)}
}

@online{XGBoostDocu,
  author   = {DMLC XGBoost},
  title    = {Python API Reference},
  url      = {https://xgboost.readthedocs.io/en/stable/python/python_api.html#xgboost.XGBClassifier},
  addendum = {(accessed: 31.08.2024)}
}

@online{XGBoostParam,
  author   = {XGBoost Developers},
  title    = {XGBoost parameter documentation},
  url      = {https://xgboost.readthedocs.io/en/latest/parameter.html},
  addendum = {(accessed: 31.08.2024)}
}